@unpublished{andolfatto98,
  author    = "David Andolfatto and James Redekop",
  title     = "Redistribution Policy in a Model with Heterogeneous Time Preference",
  year      = "1998",
  note      = "\url{http://www.sfu.ca/~dandolfa/discount1.pdf}",
}

@article{attanasio95,
  author    = "Orazio P. Attanasio and Guglielmo Weber",
  title     = "\href{http://www.jstor.org/stable/pdf/2138706.pdf}{Is Consumption Growth Consistent with Intertemporal Optimization? Evidence from the Consumer Expenditure Survey}",
  journal   = "Journal of Political Economy",
  year      = "1995",
}

@unpublished{basu02,
  author    = "Susanto Basu and Miles S. Kimball",
  title     = "Long-Run Labor Supply and the Elasticity of Intertemporal Substitution for Consumption",
  year      = "2002",
  note      = "\url{http://www-personal.umich.edu/~mkimball/pdf/cee_oct02-3.pdf}",
}

@article{campbell89,
  author    = "John Y. Campbell and N. Gregory Mankiw",
  title     = "\href{http://scholar.harvard.edu/files/mankiw/files/consumption_income.pdf}{Consumption, Income, and Interest Rates: Reinterpreting the Time Series Evidence}",
  journal   = "NBER Macroeconomics Annual",
  year      = "1989",
}

@article{canzoneri07,
  author    = "Matthew B. Canzoneri and Robert E. Cumby and Behzad T. Diba",
  title     = "\href{http://faculty.georgetown.edu/cumbyr/papers/Euler%20Equations%20JME%20Version.pdf}{Euler Equations and Money Market Interest Rates: A Challenge for Monetary Policy Models}",
  journal   = "Journal of Monetary Economics",
  year      = "2007",
}

@article{collard11,
  author    = "Fabrice Collard and Harris Dellas",
  title     = "\href{https://ideas.repec.org/a/eee/ecolet/v114y2012i1p1-5.html}{Euler equations and monetary policy}",
  journal   = "Economics Letters",
  year      = "2012",
}

@article{constantinides82,
  author    = "George M. Constantinides",
  title     = "Intertemporal Asset Pricing with Heterogeneous Consumers and Without Demand Aggregation",
  journal   = "Journal of Business",
  year      = "1982",
}

@unpublished{cozzi14,
  author    = "Marco Cozzi",
  title     = "Risk Aversion Heterogeneity, Risky Jobs and Wealth Inequality",
  year      = "2014",
  note      = "\url{https://ideas.repec.org/p/qed/wpaper/1286.html}",
}

@article{fuhrer00,
  author    = "Jeffrey C. Fuhrer",
  title     = "\href{https://ideas.repec.org/a/aea/aecrev/v90y2000i3p367-390.html}{Habit Formation in Consumption and Its Implications for Monetary Policy Models}",
  journal   = "American Economic Review",
  year      = "2000",
}

@article{gareis13,
  author    = "Johannes Gareis and Eric Mayer",
  title     = "\href{https://ideas.repec.org/a/eee/ecolet/v120y2013i1p27-31.html}{Euler equations and money market interest rates: The role of monetary policy and risk premium shocks}",
  journal   = "Economics Letters",
  year      = "2013",
}

@article{gollier05,
  author    = "Christian Gollier and Richard Zeckhauser",
  title     = "\href{http://www.hks.harvard.edu/fs/rzeckhau/aggregation_of_heterogeneous_time_preferences.pdf}{Aggregation of Heterogeneous Time Preferences}",
  journal   = "Journal of Political Economy",
  year      = "2005",
}

@article{guvenen06,
  author    = "Fatih Guvenen",
  title     = "\href{http://www.sciencedirect.com/science/article/pii/S0304393206000626}{Reconciling conflicting evidence on the elasticity of intertemporal substitution: A macroeconomic perspective}",
  journal   = "Journal of Monetary Economics",
  year      = "2006",
}

@unpublished{hara09,
  author    = "Chiaki Hara",
  title     = "Heterogeneous Impatience in a Continuous-Time Model",
  year      = "2009",
  note      = "\url{http://www.kier.kyoto-u.ac.jp/DP/DP665.pdf}",
}

@article{jouini07,
  author    = "Ely{\`e}s Jouini and Clothilde Napp",
  title     = "\href{http://www.jstor.org/stable/pdf/4626176.pdf}{Consensus Consumer and Intertemporal Asset Pricing with Heterogeneous Beliefs}",
  journal   = "The Review of Economic Studies",
  year      = "2007",
}

@article{kilian98,
  author    = "Lutz Kilian",
  title     = "Small-Sample Confidence Intervals For Impulse Response Functions",
  journal   = "The Review of Economics and Statistics",
  year      = "1998",
}

@unpublished{krueger15,
  author    = "Rong Hai and Dirk Krueger and Andrew Postlewaite",
  title     = "On the Welfare Cost of Consumption Fluctuations in the Presence of Memorable Goods",
  year      = "2015",
  note      = "\url{http://economics.sas.upenn.edu/~dkrueger/research/Memories.pdf}",
}

@unpublished{malamud06,
  author    = "Semyon Malamud and Eugene Trubowitz",
  title     = "Aggregate Risk Aversion for Jointly Heterogeneous Discount Factors and Risk Tolerances",
  year      = "2006",
  note      = "\url{http://papers.ssrn.com/sol3/papers.cfm?abstract_id=941308}",
}

@unpublished{parker99,
  author    = "Jonathan A. Parker",
  title     = "The Consumption Function Re-Estimated",
  year      = "1999",
  note      = "\url{http://japarker.scripts.mit.edu/docs/cfunc1199.pdf}",
}

@article{vissing02,
  author    = "Annette Vissing-Jorgensen",
  title     = "\href{http://faculty.haas.berkeley.edu/vissing/avj_jpe.pdf}{Limited Asset Market Participation and the Elasticity of Intertemporal Substitution}",
  journal   = "Journal of Political Economy",
  year      = "2002",
}

@article{smets07,
  author    = "Frank Smets and Rafael Wouters",
  title     = "\href{https://www.aeaweb.org/articles.php?doi=10.1257/aer.97.3.586}{Shocks and Frictions in US Business Cycles: A Bayesian DSGE Approach}",
  journal   = "American Economic Review",
  year      = "2007",
}

@misc{smith14,
  author    = "Noah Smith",
  title     = "The equation at the core of modern macro",
  howpublished = "\url{http://noahpinionblog.blogspot.com/2014/01/the-equation-at-core-of-modern-macro.html}",
  year      = "2014",
}

@article{stoker93,
  author    = "Thomas M. Stoker",
  title     = "\href{http://www.jstor.org/stable/pdf/2728329.pdf}{Empirical Approaches to the Problem of Aggregation Over Individuals}",
  journal   = "Journal of Economic Literature",
  year      = "1993",
}

@incollection{tesfatsion05,
  author    = "Leigh Tesfatsion",
  title     = "\href{http://www2.econ.iastate.edu/tesfatsi/ACEMacro.EconReportLT.pdf}{Agent-Based Computational Modeling and Macroeconomics}",
  booktitle = "Post Walrasian Macroeconomics: Beyond the Dynamic Stochastic General Equilibrium Model",
  publisher = "Cambridge University Press",
  year      = "2006",
}