@article{campbell89,
    author    = "John Y. Campbell and N. Gregory Mankiw",
    title     = "Consumption, Income, and Interest Rates: Reinterpreting the Time Series Evidence",
    journal   = "NBER Macroeconomics Annual",
    year      = 1989,
    volume    = 4,
    note      = "\url{https://ideas.repec.org/h/nbr/nberch/10965.html}",
}

@article{canzoneri07,
    author    = "Matthew B. Canzoneri and Robert E. Cumby and Behzad T. Diba",
    title     = "Euler Equations and Money Market Interest Rates: A Challenge for Monetary Policy Models",
    journal   = "Journal of Monetary Economics",
    year      = "2007",
    volume    = "54",
    note      = "\url{https://ideas.repec.org/a/eee/moneco/v54y2007i7p1863-1881.html}",
}

@article{collard11,
    author    = "Fabrice Collard and Harris Dellas",
    title     = "Euler equations and monetary policy",
    journal   = "Economics Letters",
    year      = "2012",
    volume    = "114",
    note      = "\url{https://ideas.repec.org/a/eee/ecolet/v114y2012i1p1-5.html}",
}

@unpublished{cozzi14,
    author    = "Marco Cozzi",
    title     = "Risk Aversion Heterogeneity, Risky Jobs and Wealth Inequality",
    year      = "2014",
    note      = "\url{https://ideas.repec.org/p/qed/wpaper/1286.html}",
}

@article{fuhrer00,
    author    = "Jeffrey C. Fuhrer",
    title     = "Habit Formation in Consumption and Its Implications for Monetary Policy Models",
    journal   = "American Economic Review",
    year      = "2000",
    volume    = "90",
    note      = "\url{https://ideas.repec.org/a/aea/aecrev/v90y2000i3p367-390.html}",
}

@article{gareis13,
    author    = "Johannes Gareis and Eric Mayer",
    title     = "Euler equations and money market interest rates: The role of monetary policy and risk premium shocks",
    journal   = "Economics Letters",
    year      = "2013",
    volume    = "120",
    note      = "\url{https://ideas.repec.org/a/eee/ecolet/v120y2013i1p27-31.html}",
}

@article{smets07,
    author    = "Frank Smets and Rafael Wouters",
    title     = "Shocks and Frictions in US Business Cycles: A Bayesian DSGE Approach",
    journal   = "American Economic Review",
    year      = "2007",
    volume    = "97",
    note      = "\url{https://www.aeaweb.org/articles.php?doi=10.1257/aer.97.3.586}",
}

@misc{smith14,
    author    = "Noah Smith",
    title     = "The equation at the core of modern macro",
    howpublished = "\url{http://noahpinionblog.blogspot.com/2014/01/the-equation-at-core-of-modern-macro.html}",
    year      = "2014",
}