@unpublished{basu02,
  author    = "Susanto Basu and Miles S. Kimball",
  title     = "Long-Run Labor Supply and the Elasticity of Intertemporal Substitution for Consumption",
  year      = "2002",
  note      = "\url{http://www-personal.umich.edu/~mkimball/pdf/cee_oct02-3.pdf}",
}

@article{campbell89,
  author    = "John Y. Campbell and N. Gregory Mankiw",
  title     = "\href{http://scholar.harvard.edu/files/mankiw/files/consumption_income.pdf}{Consumption, Income, and Interest Rates: Reinterpreting the Time Series Evidence}",
  journal   = "NBER Macroeconomics Annual",
  year      = "1989",
}

@article{canzoneri07,
  author    = "Matthew B. Canzoneri and Robert E. Cumby and Behzad T. Diba",
  title     = "\href{http://faculty.georgetown.edu/cumbyr/papers/Euler%20Equations%20JME%20Version.pdf}{Euler Equations and Money Market Interest Rates: A Challenge for Monetary Policy Models}",
  journal   = "Journal of Monetary Economics",
  year      = "2007",
}

@article{collard11,
  author    = "Fabrice Collard and Harris Dellas",
  title     = "\href{https://ideas.repec.org/a/eee/ecolet/v114y2012i1p1-5.html}{Euler Equations and Monetary Policy}",
  journal   = "Economics Letters",
  year      = "2012",
}

@article{fuhrer00,
  author    = "Jeffrey C. Fuhrer",
  title     = "\href{https://ideas.repec.org/a/aea/aecrev/v90y2000i3p367-390.html}{Habit Formation in Consumption and Its Implications for Monetary Policy Models}",
  journal   = "American Economic Review",
  year      = "2000",
}

@article{gareis13,
  author    = "Johannes Gareis and Eric Mayer",
  title     = "\href{https://ideas.repec.org/a/eee/ecolet/v120y2013i1p27-31.html}{Euler Equations and Money Market Interest Rates: The Role of Monetary Policy and Risk Premium Shocks}",
  journal   = "Economics Letters",
  year      = "2013",
}

@article{guvenen06,
  author    = "Fatih Guvenen",
  title     = "\href{http://www.sciencedirect.com/science/article/pii/S0304393206000626}{Reconciling Conflicting Evidence on the Elasticity of Intertemporal Substitution: A Macroeconomic Perspective}",
  journal   = "Journal of Monetary Economics",
  year      = "2006",
}

@article{heathcote10,
  author    = "Jonathan Heathcote and Fabrizio Perri and Giovanni L. Violante",
  title     = "Unequal We Stand: An Empirical Analysis of Economic Inequality in the United States: 1967-2006",
  journal   = "Review of Economic Dynamics",
  year      = "2010",
}

@article{kilian98,
  author    = "Lutz Kilian",
  title     = "Small-Sample Confidence Intervals For Impulse Response Functions",
  journal   = "The Review of Economics and Statistics",
  year      = "1998",
}

@unpublished{krueger15,
  author    = "Rong Hai and Dirk Krueger and Andrew Postlewaite",
  title     = "On the Welfare Cost of Consumption Fluctuations in the Presence of Memorable Goods",
  year      = "2015",
  note      = "\url{http://economics.sas.upenn.edu/~dkrueger/research/Memories.pdf}",
}

@unpublished{parker99,
  author    = "Jonathan A. Parker",
  title     = "The Consumption Function Re-Estimated",
  year      = "1999",
  note      = "\url{http://japarker.scripts.mit.edu/docs/cfunc1199.pdf}",
}

@article{vissing02,
  author    = "Annette Vissing-Jorgensen",
  title     = "\href{http://faculty.haas.berkeley.edu/vissing/avj_jpe.pdf}{Limited Asset Market Participation and the Elasticity of Intertemporal Substitution}",
  journal   = "Journal of Political Economy",
  year      = "2002",
}

@article{smets07,
  author    = "Frank Smets and Rafael Wouters",
  title     = "\href{https://www.aeaweb.org/articles.php?doi=10.1257/aer.97.3.586}{Shocks and Frictions in US Business Cycles: A Bayesian DSGE Approach}",
  journal   = "American Economic Review",
  year      = "2007",
}

@misc{smith14,
  author    = "Noah Smith",
  title     = "The Equation at the Core of Modern Macro",
  howpublished = "\url{http://noahpinionblog.blogspot.com/2014/01/the-equation-at-core-of-modern-macro.html}",
  year      = "2014",
}