@article{antras04,
    author    = "Pol Antras",
    title     = "Is the U.S. Aggregate Production Function Cobb-Douglas? New Estimates of the Elasticity of Substitution",
    journal   = "B.E. Journal of Macroeconomics",
    year      = 2004,
}

@article{attanasio04,
    author    = "Orazio P. Attanasio and Hamish Low",
    title     = "Estimating Euler Equations",
    journal   = "Review of Economic Dynamics",
    year      = "2004",
}

@article{attanasio95,
    author    = "Orazio P. Attanasio and Guglielmo Weber",
    title     = "Is Consumption Growth Consistent with Intertemporal Optimization? Evidence from the Consumer Expenditure Survey",
    journal   = "Journal of Political Economy",
    year      = "1995",
}

@article{browning96,
    author    = "Martin Browning and Annamaria Lusardi",
    title     = "Household Saving: Micro Theories and Micro Facts",
    journal   = "Journal of Economic Literature",
    year      = "1996",
}

@article{campbell89,
    author    = "John Y. Campbell and N. Gregory Mankiw",
    title     = "Consumption, Income, and Interest Rates: Reinterpreting the Time Series Evidence",
    journal   = "NBER Macroeconomics Annual",
    year      = "1989",
}

@article{canzoneri07,
    author    = "Matthew B. Canzoneri and Robert E. Cumby and Behzad T. Diba",
    title     = "Euler Equations and Money Market Interest Rates: A Challenge for Monetary Policy Models",
    journal   = "Journal of Monetary Economics",
    year      = "2007",
}

@article{carroll01,
    author    = "Christopher D. Carroll",
    title     = "Death to the Log-Linearized Consumption Euler Equation! (And Very Poor Health to the Second-Order Approximation)",
    journal   = "Advances in Macroeconomics",
    year      = "2001",
}

@book{colander06,
    editor    = "David Colander",
    title     = "Post Walrasian Macroeconomics: Beyond the Dynamic Stochastic General Equilibrium Model",
    publisher = "Cambridge University Press",
    year      = "2006",
}

@article{colander08,
    author    = "David Colander and Peter Howitt and Alan Kirman and Axel Leijonhufvud and Perry Mehrling",
    title     = "Beyond DSGE Models: Toward an Empirically Based Macroeconomics",
    journal   = "American Economic Review",
    year      = "2008",
}

@article{delnegro07,
    author    = "Del Negro, Marco and Frank Schorfheide and Frank Smets and Rafael Wouters",
    title     = "On the Fit of New Keynesian Models",
    journal   = "Journal of Business and Economic Statistics",
    year      = "2007",
}

@article{delnegro08,
    author    = "Del Negro, Marco and Frank Schorfheide",
    title     = "Forming priors for DSGE models (and how it affects the assessment of nominal rigidities)",
    journal   = "Journal of Monetary Economics",
    year      = "2008",
}

@article{fernandez10,
    author    = "Jesus Fernandez-Villaverde",
    title     = "The Econometrics of DSGE Models",
    journal   = "International Review of Economics",
    year      = "2010",
}

@book{garcia12,
    author    = "Garcia Duarte, Pedro and Tadeu Lima, Gilberto",
    title     = "Microfoundations Reconsidered: The Relationship of Micro and Macroeconomics in Historical Perspective",
    publisher = "Edward Elgar",
    year      = "2012"
}

@article{hall78,
    author    = "Robert E. Hall",
    title     = "Stochastic Implications of the Life Cycle-Permanent Income Hypothesis: Theory and Evidence",
    journal   = "Journal of Political Economy",
    year      = "1978",
}

@article{kirman92,
    author    = "Alan P. Kirman",
    title     = "Whom or What Does the Representative Individual Represent?",
    journal   = "Journal of Economic Perspectives",
    year      = "1992",
}

@article{lebaron08,
    author    = "Blake LeBaron and Leigh Tesfatsion",
    title     = "Modeling Macroeconomies as Open-Ended Dynamic Systems of Interacting Agents",
    journal   = "American Economic Review",
    year      = "2008",
}

@article{ludvigson01,
    author    = "Sydney Ludvigson and Christina H. Paxson",
    title     = "Approximation Bias in Linearized Euler Equations",
    journal   = "Review of Economics and Statistics",
    year      = "2001",
}

@unpublished{morris12,
    author    = "Stephen D. Morris",
    title     = "Analytical Solutions of DSGE Models and Instrumental Variables",
    year      = "2012",
}

@article{rotemberg87,
    author    = "Julio J. Rotemberg",
    title     = "The New Keynesian Microfoundations",
    journal   = "NBER Macroeconomics Annual",
    year      = "1987",
}

@incollection{schorfheide13,
    author    = "Frank Schorfheide and Del Negro, Marco",
    title     = "Bayesian Macroeconometrics",
    booktitle = "The Oxford Handbook of Bayesian Econometrics",
    chapter   = "7",
    publisher = "Oxford University Press",
    year      = "2013",
}

Link to download dataset on AEA website: https://www.aeaweb.org/articles.php?doi=10.1257/aer.97.3.586
@article{smets07,
    author    = "Frank Smets and Rafael Wouters",
    title     = "Shocks and Frictions in US Business Cycles: A Bayesian DSGE Approach",
    journal   = "American Economic Review",
    year      = "2007",
}

@misc{smith14,
    author    = "Noah Smith",
    title     = "The equation at the core of modern macro",
    howpublished = "\url{http://noahpinionblog.blogspot.com/2014/01/the-equation-at-core-of-modern-macro.html}",
    year      = "2014",
}

@article{weintraub77,
    author    = "E. Roy Weintraub",
    title     = "The Microfoundations of Macroeconomics: A Critical Survey",
    journal   = "Journal of Economic Literature",
    year      = "1977",
}

@book{weintraub79,
    author    = "E. Roy Weintraub",
    title     = "Microfoundations: The Compatibility of Microeconomics and Macroeconomics",
    publisher = "Cambridge University Press",
    year      = "1979"
}

@article{whited98,
    author    = "Toni M. Whited",
    title     = "Why Do Investment Euler Equations Fail?",
    journal   = "Journal of Business and Economic Statistics",
    year      = "1998"
}

@article{woodford01,
    author    = "Michael Woodford",
    title     = "The Taylor Rule and Optimal Monetary Policy",
    journal   = "American Economic Review",
    year      = "2001"
}